2564 4704
145 232 245 283 xvnt

237 412 438 492 Quaerentem
457 421 486 469 te
509 405 616 493 audio,
646 405 719 488 quid
740 405 815 468 novi
835 404 1010 483 secesserit,
1043 425 1137 486 quarn
1157 426 1226 487 prae·

151 550 232 598 terea
253 548 374 597 secutus
397 533 454 591 sim
475 530 638 608 rationem,
677 550 736 619 quo
759 528 797 619 de
818 549 899 591 nuno
916 526 1093 589 dicendum.
1148 525 1227 589 Viro·

151 677 221 716 rum
249 654 434 718 eruditorum
458 653 491 711 in
511 651 630 711 Timaei
651 649 837 713 Glossarium
863 651 1070 726 coniecturas,
1117 650 1257 741 quamn·

46 770 49 788 '
152 776 323 859 copiam-in
346 776 489 858 scriptore
511 773 596 836 tenui
616 773 739 853 quidem
760 786 790 834 et
811 766 902 852 exili',
938 764 1228 853 aed‘oorruptissin'r'o

153 901 303 959 neminem
320 897 420 957 mirari
435 885 593 970 existimo,
613 895 687 977 ipsis
696 894 878 963 ,Ruhnkenii
890 894 971 956 notis
982 939 992 972 ,
1004 888 1072 954 'ubi
1088 905 1176 974 aptus
1188 889 1229 952 'vi-

154 1019 273 1080 deretur
291 1016 393 1093 locus,
415 1019 550 1078 intexere
564 1018 696 1099 primum
712 1030 774 1078 erat
785 1018 822 1076 'in
836 1015 946 1077 animo.
981 1014 1061 1077 Mox
1077 1016 1152 1077 vero
1165 1010 1228 1088 vidi,

154 1138 299 1203 nonnulla
320 1163 337 1199 a
357 1140 479 1222 Toupio
508 1150 608 1199 notata
628 1140 690 1198 iam
710 1118 927 1199 Ruhnlrenium
947 1149 1030 1198 recte
1061 1108 1253 1219 explicuimff

155 1275 243 1342 atque
273 1261 463 1336 emendasse,
496 1259 608 1337 multa,
646 1281 721 1339 quae
743 1258 919 1338 Fischerus,
965 1258 1052 1319 ouius
1079 1256 1226 1319 editionem

154 1384 290 1459 Timaei,
327 1403 402 1471 quae
424 1403 485 1440 una
509 1402 577 1440 cum
598 1364 736 1442 Moeride
755 1381 878 1464 Lipsiae
902 1379 1017 1488 prodiit
1037 1399 1121 1442 anno
1141 1350 1225 1460 'super

155 1525 232 1601 saec
254 1505 499 1586 quinquagesimo
522 1516 626 1578 sexto,
648 1501 847 1563 Ruhnkenius
870 1522 932 1563 non
958 1493 1078 1563 vidisse
1112 1500 1225 1577 videtur,

56 1662 60 1676 ·
155 1647 290 1708 quaeque
316 1624 456 1685 Reislrius
485 1623 663 1685 aFischero
691 1623 829 1684 laudatus
859 1634 1032 1719 tentarunt,
1076 1621 1225 1708 longiorem

155 1745 328 1829 disputandi
348 1747 490 1828 praebere
512 1740 666 1806 materiam
700 1767 756 1806 nee
784 1746 818 1805 in
844 1744 923 1805 notis
951 1745 1052 1805 textui
1075 1742 1225 1848 quemdi·

155 1882 227 1930 cunt
246 1868 416 1929 subiectis'
407 1880 522 1955 rustum
541 1868 579 1927 iis
600 1867 743 1952 assignari
763 1887 851 1950 posse
870 1864 982 1927 locum
1037 1857 1145 1948 Itaque
1166 1886 1224 1926 oon·

153 1988 222 2053 silio
243 1986 368 2073 paulum
399 1970 513 2051 mutato
536 1987 674 2050 Fischeri
702 1988 946 2085 obseruationum
967 1989 1093 2073 nonnisi
1111 2006 1224 2073 perpau-
1271 2030 1273 2049 .

154 2090 197 2171 eis
225 2108 302 2201 locis
330 2121 360 2168 et
382 2123 461 2170 certa
480 2108 603 2190 quidem
624 2131 712 2170 eausa
732 2109 999 2195 motus-rationem
1019 2109 1132 2189 habui,
1171 2129 1225 2185 oar·

149 2202 300 2301 ieetiones
313 2230 446 2313 Toupii,
478 2252 603 2312 quarum
620 2229 769 2314 plurimae
790 2210 904 2293 nullius
916 2231 980 2293 sere
998 2224 1147 2326 momenti
1158 2243 1225 2308 sunt,

135 2326 282 2427 ¹selectas
305 2350 395 2430 dedi,
416 2352 532 2437 integra
554 2365 654 2414 autem
675 2354 801 2437 repetii,
824 2374 899 2435 quae
919 2375 937 2413 e
954 2352 1112 2433 Porsono,
1133 2336 1228 2429 Bna‘o,

153 2473 262 2554 quide
284 2465 410 2534 Timaeo
431 2471 725 2556 praeclare-,meritus
755 2487 817 2554 est,
860 2474 943 2569 quod
970 2474 1116 2537 Codicem
1142 2450 1228 2537 denuo
1264 2558 1266 2567 Ι

149 2595 312 2678 inspiciens
335 2595 424 2654 etiam
443 2608 515 2687 post
532 2594 769 2675 Montfauconii,
809 2593 1051 2679 Capperonnerii'
1066 2611 1156 2679 atque
1170 2593 1230 2659 Vrt-

56 2780 59 2789 ,
149 2704 260 2777 loisoni
282 2734 367 2803 curas
387 2712 481 2775 multa
499 2716 610 2805 rectius
629 2716 729 2800 legit,
757 2719 830 2779 item
853 2732 928 2800 qua'e
944 2718 1156 2798 axSohaefero,
1174 2699 1230 2780 Lo·

150 2835 259 2909 boeleio
280 2835 330 2898 hic
350 2834 414 2897 illic
434 2850 506 2898 sunt
527 2812 709 2921 observatas

239 2957 397 3021 Iam'vero
418 2957 470 3021 vel
490 2959 610 3043 inipso
631 2959 735 3021 labore
755 2944 849 3042 quium
867 2959 961 3022 multa
976 2962 1059 3049 'mihi
1081 2984 1232 3024 succreve-

151 3080 213 3140 rint
226 3058 245 3156 ,κ
271 3101 347 3161 quae
368 3095 421 3142 aut
436 3078 573 3166 longiore
594 3083 780 3174 expositione
798 3084 950 3166 egerent,
977 3105 1068 3163 quam
1088 3098 1124 3145 ut
1143 3084 1232 3145 textui

153 3201 259 3263 subiici
280 3215 420 3284 possent,
449 3213 500 3262 aut
519 3201 679 3264 remotiora
699 3201 775 3262 mihi
796 3186 970 3265 viderentur
992 3227 1010 3264 a
1029 3207 1147 3268 ratione
1167 3228 1232 3289 pro·

85 3309 87 3313 ’
151 3323 266 3403 posita,
310 3344 345 3384 ea
376 3324 477 3385 omnia
494 3312 544 3384 'iu
570 3297 753 3408 singularem
782 3321 936 3403 libellum,
961 3327 1025 3407 'qui
1052 3325 1233 3411 Appendioir

109 3448 112 3457 '
151 3440 219 3505 loco
240 3445 276 3504 ab
299 3443 516 3506 humanissimo
537 3445 703 3527 bibliopola
719 3444 806 3507 brevi
828 3447 994 3525 vendetur,
1020 3449 1169 3534 ⁴redigere
1187 3471 1234 3512 sa·
1256 3444 1264 3459 '

41 3601 46 3617 ·
149 3565 209 3625 tius
231 3563 334 3625 habui.
376 3567 412 3627 ln
431 3565 572 3643 Timaeo,
596 3565 715 3647 qualem
735 3589 816 3628 nunc
838 3568 966 3650 accipis',
992 3570 1075 3652 quod
1089 3570 1232 3632 nonnulla

80 3708 83 3713 ·
149 3685 236 3769 tetigi
253 3698 284 3746 et
299 3685 373 3749 alios
390 3709 603 3771 saepenumero
618 3686 701 3749 viros
715 3687 829 3766 doctos,
848 3711 975 3769 quorum
991 3694 1049 3775 ope
1064 3692 1235 3773 Ruhnkenii

150 3819 238 3867 notae
261 3805 453 3889 suppleantur
475 3809 582 3887 modo,
599 3809 696 3895 'modo
716 3809 916 3894 corrigantur,
936 3811 1078 3890 laudavi,
1102 3815 1138 3876 id
1158 3836 1233 3874 nunc

151 3924 274 4006 quidem
295 3926 407 3991 laetum
428 3951 493 3991 esse
515 3918 645 4007 nollem,
681 3931 818 3997 sednon
839 3938 937 3993 vanae
960 3934 1078 3996 cuidam
1104 3949 1233 3997 ostenta·

150 4046 225 4109 110111
258 4049 290 4109 111
334 4047 381 4111 llis
419 4071 467 4112 me
504 4048 664 4114 indulsisse
705 4073 808 4113 01111108
842 4053 865 4112 11
893 4053 975 4117 facili
1006 4078 1098 4140 opera
1130 4080 1233 4119 001108·

43 4186 46 4193 ·
149 4166 237 4247 dent,
266 4171 372 4251 quibua
394 4170 445 4235 illa
468 4172 641 4237 conferendi
663 4172 802 4237 voluntas
823 4175 861 4237 sit
883 4186 971 4255 atque
994 4142 1099 4240 otium
1145 4181 1180 4242 In
1201 4200 1232 4240 ea
